<record><leader>00000cas a22000007a 4500</leader><controlfield tag="001">23672466</controlfield><controlfield tag="008">910501d19501962ohuer ne      0    0eng d</controlfield><datafield ind1=" " ind2=" " tag="010"><subfield code="a">sn 91069951 </subfield></datafield><datafield ind1=" " ind2=" " tag="040"><subfield code="a">ONP</subfield><subfield code="b">eng</subfield><subfield code="c">ONP</subfield><subfield code="d">OCLCQ</subfield></datafield><datafield ind1=" " ind2=" " tag="042"><subfield code="a">msc</subfield></datafield><datafield ind1="0" ind2="0" tag="245"><subfield code="a">Greenhills journal.</subfield></datafield><datafield ind1=" " ind2=" " tag="260"><subfield code="a">Greenhills, Ohio :</subfield><subfield code="b">Aubrey C. Scholle,</subfield><subfield code="c">1950-1962.</subfield></datafield><datafield ind1=" " ind2=" " tag="300"><subfield code="a">v.</subfield></datafield><datafield ind1=" " ind2=" " tag="310"><subfield code="a">Biweekly</subfield></datafield><datafield ind1="0" ind2=" " tag="362"><subfield code="a">Vol. 1, no. 1 (May 5, 1950)-v. 13, no. 8 (July 13, 1962).</subfield></datafield><datafield ind1=" " ind2=" " tag="752"><subfield code="a">United States</subfield><subfield code="b">Ohio</subfield><subfield code="c">Hamilton</subfield><subfield code="d">Greenhills.</subfield></datafield><datafield ind1="0" ind2="0" tag="785"><subfield code="t">Greenhills-Forest Park journal</subfield><subfield code="w">(DLC)sn 91069952</subfield></datafield></record>